<?xml version="1.0" encoding="UTF-8"?><collection xmlns="http://www.loc.gov/MARC21/slim"><record><leader>00611nam--2200205-u-4500</leader><controlfield tag="001">000054108</controlfield><controlfield tag="002">20161230</controlfield><controlfield tag="005">20161230201051</controlfield><controlfield tag="008">110803s1000------------r-----000-0-eng-d</controlfield><datafield ind1=" " ind2=" " tag="020"><subfield code="a">0824799518</subfield></datafield><datafield ind1=" " ind2=" " tag="040"><subfield code="a">IFIN-HH</subfield></datafield><datafield ind1=" " ind2=" " tag="080"><subfield code="a">621.38.04:537.311.33</subfield></datafield><datafield ind1="1" ind2=" " tag="100"><subfield code="a">Nonogaki, Saburo</subfield></datafield><datafield ind1="1" ind2="0" tag="245"><subfield code="a">Microlithography fundamentals in semiconductors devices and fabrication technology</subfield><subfield code="c">Saburo nonogaki, takumi ueno, toshi ito</subfield></datafield><datafield ind1=" " ind2=" " tag="260"><subfield code="a">New York</subfield><subfield code="b">Marcel Dekker, Inc</subfield><subfield code="c">1998</subfield></datafield><datafield ind1=" " ind2=" " tag="300"><subfield code="a">327P</subfield></datafield><datafield ind1=" " ind2="4" tag="650"><subfield code="a">Photoresists</subfield></datafield><datafield ind1="1" ind2=" " tag="700"><subfield code="a">Ito, Toshio</subfield></datafield><datafield ind1=" " ind2=" " tag="852"><subfield code="a">81169</subfield><subfield code="c">537.311.33</subfield></datafield><datafield ind1=" " ind2=" " tag="CAT"><subfield code="a">Sys</subfield><subfield code="c">20110803</subfield><subfield code="h">085720</subfield></datafield></record></collection>